@misc{virtamo, title={38.3143 Queueing Theory / TheM/G/1/queue}, url={https://www.netlab.tkk.fi/opetus/s383143/kalvot/E_mg1jono.pdf}, journal={38.3143 Queueing Theory / TheM/G/1/queue}, publisher={Aalto University}, author={Virtamo, Jorma}} 

@book{conway1967theory,
  title={Theory of scheduling},
  author={Conway, R.W. and Maxwell, W.L. and Miller, L.W.},
  lccn={67021296},
  url={https://books.google.com/books?id=CSozAAAAMAAJ},
  year={1967},
  publisher={Addison-Wesley Pub. Co.}
}

@book{harchol2013performance,
  title={Performance Modeling and Design of Computer Systems: Queueing Theory in Action},
  author={Harchol-Balter, M.},
  isbn={9781107027503},
  lccn={2012019844},
  series={Performance Modeling and Design of Computer Systems: Queueing Theory in Action},
  url={https://books.google.com/books?id=75SbigDGK0kC},
  year={2013},
  publisher={Cambridge University Press}
}

