@misc{internet_society_2018, title={State of IPv6 Deployment 2018}, url={https://www.internetsociety.org/resources/2018/state-of-ipv6-deployment-2018/}, journal={Internet Society}, publisher={Internet Society}, year={2018}, month={Jun}} 