@article{guide2011intel,
  title={Intel{\textregistered} 64 and ia-32 architectures software developerâ€™s manual},
  author={Guide, Part},
  journal={Volume 3B: System programming Guide, Part},
  volume={2},
  year={2011}
}

@book{silberschatz2005operating,
  title={Operating System Concepts},
  author={Silberschatz, A. and Galvin, P.B. and Gagne, G.},
  isbn={9780471694663},
  lccn={2004059084},
  url={https://books.google.com/books?id=FH8fAQAAIAAJ},
  year={2005},
  publisher={Wiley}
}
