@misc{iec, title={International}, url={https://www.iec.ch/si/binary.htm}, journal={IEC}, publisher={IEC}} 