@book{Love,
 author = {Love, Robert},
 title = {Linux Kernel Development},
 year = {2010},
 isbn = {0672329468, 9780672329463},
 edition = {3rd},
 publisher = {Addison-Wesley Professional},
} 

@misc{xnukernel,
  author = {Apple Inc.},
  title = {XNU Kernel},
  year = {2017},
  publisher = {GitHub},
  journal = {GitHub repository},
  howpublished = {\url{https://github.com/apple/darwin-xnu}},
  commit = {0a798f6}
}

@article{Ritchie:1993:DCL:155360.155580,
 author = {Ritchie, Dennis M.},
 title = {The Development of the C Language},
 journal = {SIGPLAN Not.},
 issue_date = {March 1993},
 volume = {28},
 number = {3},
 month = mar,
 year = {1993},
 issn = {0362-1340},
 pages = {201--208},
 numpages = {8},
 url = {http://doi.acm.org/10.1145/155360.155580},
 doi = {10.1145/155360.155580},
 acmid = {155580},
 publisher = {ACM},
 address = {New York, NY, USA},
} 
@book{kernighan1988c,
  title={The C Programming Language},
  author={Kernighan, B.W. and Ritchie, D.M.},
  isbn={9780131103627},
  lccn={77028983},
  series={Prentice-Hall software series},
  url={https://books.google.com/books?id=161QAAAAMAAJ},
  year={1988},
  publisher={Prentice Hall}
}

@book{CITATION_NEEDED,
  title={The C Programming Language},
  author={Kernighan, B.W. and Ritchie, D.M.},
  isbn={9780131103627},
  lccn={77028983},
  series={Prentice-Hall software series},
  url={https://books.google.com/books?id=161QAAAAMAAJ},
  year={1988},
  publisher={Prentice Hall}
}
