@misc{sys/wait.h, 
	title={Source to sys/wait.h}, 
	url={http://unix.superglobalmegacorp.com/Net2/newsrc/sys/wait.h.html}, 
	journal={sys/wait.h Source}, 
	publisher={superglobalmegacorp}} 

@misc{evans_2018, title={File Descriptors}, url={https://drawings.jvns.ca/file-descriptors/}, journal={julia's drawings}, publisher={Julia Evans}, author={Evans, Julia}, year={2018}, month={Apr}} 

@book{van1994expert,
  title={Expert C programming: deep C secrets},
  author={Van der Linden, Peter},
  year={1994},
  publisher={Prentice Hall Professional}
}

@misc{mallocinternals, title={Overview of Malloc}, url={https://sourceware.org/glibc/wiki/MallocInternals}, journal={MallocInternals - glibc wiki}, publisher={Free Software Foundation}, year={2018}, month={Mar}} 

@misc{process_def, title={Definitions}, url={http://pubs.opengroup.org/onlinepubs/9699919799/basedefs/V1_chap03.html#tag_03_210}, journal={The Open Group Base Specifications Issue 7, 2018 edition}, publisher={The Open Group/IEEE}, year={2018}, month={Jul}} 

@book{Bovet:2005:ULK:1077084,
 author = {Bovet, Daniel and Cesati, Marco},
 title = {Understanding The Linux Kernel},
 year = {2005},
 isbn = {0596005652},
 publisher = {Oreilly \& Associates Inc},
} 

@misc{fork_2018, title={fork}, url={https://pubs.opengroup.org/onlinepubs/9699919799/functions/fork.html}, journal={fork}, publisher={The Open Group/IEEE}, year={2018}, month={Jul}} 

@misc{exec_2018, title={exec}, url={https://pubs.opengroup.org/onlinepubs/9699919799/functions/exec.html}, journal={exec}, publisher={The Open Group/IEEE}, year={2018}, month={Jul}} 

@misc{jones2010wg14,
  title={WG14 N1539 Committee Draft ISO/IEC 9899: 201x},
  author={Jones, Larry},
  year={2010},
  publisher={International Standards Organization}
}

@misc{env_std_2018, title={Environment Variables}, url={https://pubs.opengroup.org/onlinepubs/9699919799/basedefs/V1_chap08.html}, journal={Environment Variables}, publisher={The Open Group/IEEE}, year={2018}, month={Jul}} 
