@manual{ibm709,
author = {International Business Machines Corporation (IBM)},
title = {IBM 709 Data Processing System Reference Manual},
date = {August 1958},
language = {English},
organization = {International Business Machines Corporation (IBM)},
pagetotal = {179},
pubstate = {August 1958},
url = {http://archive.computerhistory.org/resources/text/Fortran/102653991.05.01.acc.pdf}
}

@misc{mmap_2018, title={mmap}, url={http://pubs.opengroup.org/onlinepubs/9699919799/functions/mmap.html}, journal={mmap}, publisher={The Open Group}, year={2018}, month={Jul}} 
