@article{Peterson1981MythsAT,
  title={Myths About the Mutual Exclusion Problem},
  author={Gary L. Peterson},
  journal={Inf. Process. Lett.},
  year={1981},
  volume={12},
  pages={115-116}
}

@misc{dekker_dijkstra_1965, title={Over de sequentialiteit van procesbeschrijvingen}, url={http://www.cs.utexas.edu/users/EWD/transcriptions/EWD00xx/EWD35.html}, journal={E.W.Dijkstra Archive: Over de sequentialiteit van procesbeschrijvingen (EWD 35)}, publisher={University of Texas Austin}, author={Dekker, T.J. and Dijkstra, Edsgar}, year={1965}} 